<collection xmlns="http://www.loc.gov/MARC21/slim"><record><leader>00792nam  2200241   450</leader><controlfield tag="001">540</controlfield><controlfield tag="003">http://montalegre.opacnet.com/OPAC/default.aspx?ContentAreaControl=ShowRegHoldings.ascx&amp;RegNo=16662</controlfield><controlfield tag="005">20</controlfield><datafield tag="095" ind1=" " ind2=" "><subfield code="a">PTBN00116277</subfield></datafield><datafield tag="100" ind1=" " ind2=" "><subfield code="a">20061013d1985    km y0pora0103    ba</subfield></datafield><datafield tag="101" ind1="1" ind2=" "><subfield code="a">por</subfield><subfield code="c">ger</subfield></datafield><datafield tag="102" ind1=" " ind2=" "><subfield code="a">PT</subfield></datafield><datafield tag="200" ind1="1" ind2=" "><subfield code="a">&lt;O &gt;processo</subfield><subfield code="f">Franz Kafka</subfield><subfield code="g">trad. Gervásio álvaro</subfield></datafield><datafield tag="210" ind1=" " ind2=" "><subfield code="a">Lisboa</subfield><subfield code="c">Livros do Brasil</subfield><subfield code="d">[D.L. 1985]</subfield></datafield><datafield tag="215" ind1=" " ind2=" "><subfield code="a">285, [3] p.</subfield><subfield code="d">21 cm</subfield></datafield><datafield tag="225" ind1="2" ind2=" "><subfield code="a">Dois mundos</subfield><subfield code="v">85</subfield></datafield><datafield tag="304" ind1=" " ind2=" "><subfield code="a">Tít. orig. Der process</subfield></datafield><datafield tag="675" ind1=" " ind2=" "><subfield code="a">821</subfield><subfield code="v">BN</subfield><subfield code="z">por</subfield></datafield><datafield tag="700" ind1=" " ind2="1"><subfield code="a">Kafka</subfield><subfield code="b">Franz</subfield><subfield code="f">1883-1924</subfield><subfield code="3">50086</subfield></datafield><datafield tag="702" ind1=" " ind2="1"><subfield code="a">lvaro</subfield><subfield code="b">Gervásio</subfield><subfield code="4">730</subfield><subfield code="3">2851</subfield></datafield><datafield tag="801" ind1=" " ind2="0"><subfield code="a">PT</subfield><subfield code="b">Biblioteca Municipal de Montalegre</subfield><subfield code="g">RPC</subfield></datafield><datafield tag="856" ind1=" " ind2=" "><subfield code="u">locateMedia.asp?cod=20060518102433&amp;ext=jpg</subfield><subfield code="z">CAPA</subfield></datafield><datafield tag="909" ind1="&#9;" ind2=" "><subfield code="a">2</subfield></datafield><datafield tag="966" ind1=" " ind2=" "><subfield code="a">0008901</subfield><subfield code="l">BMM</subfield><subfield code="s">SCG 821 KAF pro 85</subfield></datafield><datafield tag="966" ind1=" " ind2=" "><subfield code="a">1100995</subfield><subfield code="l">BEBB</subfield><subfield code="s">BEBB 821.1/.8 KAF 85</subfield></datafield></record></collection>